<record><leader>00000cas a22000007a 4500</leader><controlfield tag="001">18565059</controlfield><controlfield tag="008">881004d19271931txudr ne      0    0eng d</controlfield><controlfield tag="009">6576</controlfield><datafield ind1=" " ind2=" " tag="010"><subfield code="a">sn 88084263 </subfield></datafield><datafield ind1=" " ind2=" " tag="040"><subfield code="a">PPM</subfield><subfield code="b">eng</subfield><subfield code="c">PPM</subfield><subfield code="d">DLC</subfield></datafield><datafield ind1=" " ind2=" " tag="042"><subfield code="a">msc</subfield></datafield><datafield ind1="0" ind2="0" tag="245"><subfield code="a">El Paso evening post.</subfield></datafield><datafield ind1=" " ind2=" " tag="260"><subfield code="a">El Paso, Tex. :</subfield><subfield code="b">El Paso Post Co.,</subfield><subfield code="c">1927-1931.</subfield></datafield><datafield ind1=" " ind2=" " tag="310"><subfield code="a">Daily</subfield></datafield><datafield ind1="0" ind2=" " tag="362"><subfield code="a">Vol. 5, no. 296 (Aug. 1, 1927)-v. 9, no. 193 (Apr. 2, 1931).</subfield></datafield><datafield ind1=" " ind2=" " tag="752"><subfield code="a">United States</subfield><subfield code="b">Texas</subfield><subfield code="c">El Paso</subfield><subfield code="d">El Paso.</subfield></datafield><datafield ind1="0" ind2="0" tag="780"><subfield code="t">El Paso post</subfield><subfield code="w">(DLC)sn 86064201</subfield></datafield><datafield ind1="0" ind2="7" tag="785"><subfield code="t">El Paso herald (El Paso, Tex. : 1901)</subfield><subfield code="x">2159-5623</subfield><subfield code="w">(DLC)sn 88084272</subfield><subfield code="w">(OCoLC)18614885</subfield></datafield><datafield ind1="0" ind2="7" tag="785"><subfield code="t">El Paso herald El Paso evening post</subfield><subfield code="w">(DLC)sn 88084289</subfield></datafield></record>